
@article{methot_stock_2013,
  title = {Stock Synthesis: {{A}} Biological and Statistical Framework for Fish Stock Assessment and Fishery Management},
  volume = {142},
  issn = {01657836},
  shorttitle = {Stock Synthesis},
  doi = {10.1016/j.fishres.2012.10.012},
  timestamp = {2014-03-03T20:43:34Z},
  urldate = {2014-03-03},
  journal = {Fisheries Research},
  author = {Methot, Richard D. and Wetzel, Chantell R.},
  month = may,
  year = {2013},
  pages = {86--99},
  file = {Methot_wetzel_2013_SShistory.pdf:/Users/catarinawor/Library/Application Support/Zotero/Profiles/risyjmbq.default/zotero/storage/KJ6QPH36/Methot_wetzel_2013_SShistory.pdf:application/pdf}
}

@book{hilborn_quantitative_1992,
  title = {Quantitative {{Fisheries Stock Assessment}}: {{Choice}}, {{Dynamics}} and {{Uncertainty}}/{{Book}} and {{Disk}}},
  isbn = {978-0-412-02271-5},
  shorttitle = {Quantitative {{Fisheries Stock Assessment}}},
  language = {en},
  timestamp = {2014-10-15T22:16:23Z},
  publisher = {{Springer Science \& Business Media}},
  author = {Hilborn, Ray and Walters, Carl J.},
  year = {1992},
  keywords = {Science / Life Sciences / Biology,Science / Life Sciences / Zoology / General}
}

@article{fournier_multifan-cl:_1998,
  title = {{{MULTIFAN}}-{{CL}}: A Length-Based, Age-Structured Model for Fisheries Stock Assessment, with Application to {{South Pacific}} Albacore, {{Thunnus}} Alalunga},
  volume = {55},
  issn = {0706-652X},
  shorttitle = {{{MULTIFAN}}-{{CL}}},
  doi = {10.1139/f98-100},
  abstract = {We introduce a length-based, age-structured model, MULTIFAN-CL, that provides an integrated method of estimating catch age composition, growth parameters, mortality rates, recruitment, and other parameters from time series of fishery catch, effort, and length frequency data. The method incorporates Bayesian parameter estimation, estimation of confidence intervals for model parameters, and procedures for hypothesis testing to assist model development. We apply the method to South Pacific albacore, Thunnus alalunga, fishery data and demonstrate the incorporation of model structure such as spatial heterogeneity, age-dependent natural mortality and movement rates, time series trends and seasonal variation in catchability, and density-dependent growth. Consistency of the results of the albacore analysis with various exogenous sets of biological and environmental data gives credence to the model results., Nous pr{\'e}sentons un mod{\`e}le fond{\'e} sur la longueur et structur{\'e} par l'{\^a}ge, le MULTIFAN-CL, comme m{\'e}thode int{\'e}gr{\'e}e pour l'estimation de la composition de l'{\^a}ge des prises, des param{\`e}tres de croissance, du taux de mortalit{\'e}, du recrutement, et d'autres param{\`e}tres, {\`a} partir de s{\'e}ries chronologiques de donn{\'e}es sur les prises, l'effort et les fr{\'e}quences de longueurs des captures. On y fait appel {\`a} l'estimation bayesienne de param{\`e}tres, {\`a} l'estimation des intervalles de confiance des param{\`e}tres du mod{\`e}le ainsi qu'{\`a} des proc{\'e}dures de test d'hypoth{\`e}ses pour faciliter l'{\'e}laboration du mod{\`e}le. Nous appliquons la m{\'e}thode aux donn{\'e}es sur la p{\^e}che du germon du Pacifique sud (Thunnus alalunga) et d{\'e}montrons l'incorporation de structures comme l'h{\'e}t{\'e}rog{\'e}n{\'e}it{\'e} spatiale, la mortalit{\'e} naturelle d{\'e}pendante de l'{\^a}ge et les taux de d{\'e}placement, les tendances des s{\'e}ries chronologiques et la variation saisonni{\`e}re de la vuln{\'e}rabilit{\'e} {\`a} la p{\^e}che, et la croissance d{\'e}pendante de la densit{\'e}. La coh{\'e}rence des r{\'e}sultats de cette analyse ...},
  timestamp = {2016-12-02T22:11:48Z},
  number = {9},
  urldate = {2016-12-02},
  journal = {Canadian Journal of Fisheries and Aquatic Sciences},
  author = {Fournier, Daid A and Hampton, John and Sibert, John R},
  month = sep,
  year = {1998},
  pages = {2105--2116},
  file = {NRC Research Press PDF fulltext:/Users/catarinawor/Library/Application Support/Zotero/Profiles/risyjmbq.default/zotero/storage/RWBR8KZQ/Fournier et al. - 1998 - MULTIFAN-CL a length-based, age-structured model .pdf:application/pdf}
}


